<record><leader>00000cas a22000007a 4500</leader><controlfield tag="001">13754744</controlfield><controlfield tag="008">860620d18861886njudn ne      0    0eng d</controlfield><datafield ind1=" " ind2=" " tag="010"><subfield code="a">sn 85036078 </subfield></datafield><datafield ind1=" " ind2=" " tag="040"><subfield code="a">NPA</subfield><subfield code="b">eng</subfield><subfield code="c">NPA</subfield><subfield code="d">OCLCQ</subfield></datafield><datafield ind1=" " ind2=" " tag="042"><subfield code="a">msc</subfield></datafield><datafield ind1="0" ind2=" " tag="130"><subfield code="a">Evening star (Washington, N.J. : 1886)</subfield></datafield><datafield ind1="1" ind2="4" tag="245"><subfield code="a">The evening star.</subfield></datafield><datafield ind1=" " ind2=" " tag="260"><subfield code="a">Washington, N.J. :</subfield><subfield code="b">LaRoe &amp; Blazer,</subfield><subfield code="c">1886.</subfield></datafield><datafield ind1=" " ind2=" " tag="300"><subfield code="a">v. :</subfield><subfield code="b">ill.</subfield></datafield><datafield ind1=" " ind2=" " tag="310"><subfield code="a">Daily (except Sun.)</subfield></datafield><datafield ind1="0" ind2=" " tag="362"><subfield code="a">No. 1 (Sept. 28, 1886)-no. 16 (Oct. 15, 1886).</subfield></datafield><datafield ind1=" " ind2=" " tag="500"><subfield code="a">"Published during the trial of James J. Titus for the murder of Tillie Smith at Hackettstown, New Jersey."</subfield></datafield><datafield ind1=" " ind2=" " tag="580"><subfield code="a">Daily ed. of: Washington star (Washington, N.J. : 1868).</subfield></datafield><datafield ind1=" " ind2=" " tag="752"><subfield code="a">United States</subfield><subfield code="b">New Jersey</subfield><subfield code="c">Warren</subfield><subfield code="d">Washington.</subfield></datafield><datafield ind1="1" ind2=" " tag="775"><subfield code="t">Washington star (Washington, N.J. : 1868)</subfield><subfield code="w">(DLC)sn 84026277</subfield></datafield></record>